<?xml version="1.0" encoding="UTF-8"?><collection><record><leader>07675ntm a2200733 a 4500</leader><controlfield tag="001">006305606</controlfield><controlfield tag="003">MiAaHDL</controlfield><controlfield tag="005">20190719000000.0</controlfield><controlfield tag="006">m        d        </controlfield><controlfield tag="007">cr bn ---auaua</controlfield><controlfield tag="008">090417s1559    xx            00| ||ara d</controlfield><datafield tag="035" ind1=" " ind2=" "><subfield code="a">(MiU)006305606</subfield></datafield><datafield tag="035" ind1=" " ind2=" "><subfield code="a">sdr-miu006305606</subfield></datafield><datafield tag="040" ind1=" " ind2=" "><subfield code="a">MiU</subfield><subfield code="c">MiU</subfield><subfield code="e">amremm</subfield></datafield><datafield tag="043" ind1=" " ind2=" "><subfield code="a">n-us-mi</subfield></datafield><datafield tag="100" ind1="0" ind2=" "><subfield code="6">880-01</subfield><subfield code="a">Hüsrev,</subfield><subfield code="c">Molla,</subfield><subfield code="d">-1480.</subfield></datafield><datafield tag="240" ind1="1" ind2="0"><subfield code="6">880-02</subfield><subfield code="a">Durar al-ḥukkām</subfield></datafield><datafield tag="245" ind1="1" ind2="0"><subfield code="6">880-03</subfield><subfield code="a">Durar al-ḥukkām ... [etc.],</subfield><subfield code="f">[966, i.e. 1559].</subfield></datafield><datafield tag="246" ind1="3" ind2=" "><subfield code="i">Title from fore-edge label:</subfield><subfield code="a">درر الاحكام</subfield></datafield><datafield tag="260" ind1=" " ind2=" "><subfield code="c">[1559]</subfield></datafield><datafield tag="300" ind1=" " ind2=" "><subfield code="a">252 leaves :</subfield><subfield code="b">paper ;</subfield><subfield code="c">272 x 182 (201 x 125) mm. bound to 272 x 195 mm.</subfield></datafield><datafield tag="500" ind1=" " ind2=" "><subfield code="a">Shelfmark: Ann Arbor, University of Michigan, Special Collections Library, Isl. Ms. 83</subfield></datafield><datafield tag="500" ind1=" " ind2=" "><subfield code="a">Origin: As appears in colophon on p.526, copied by ʻAbd al-Raḥīm ibn Iskandar. Transcription completed ("qad waqaʻa al-farāgh min katb hādhā al-kitāb...") at noon on Friday 18 Rabīʻ II 966 [ca. 28 January 1559].</subfield></datafield><datafield tag="500" ind1=" " ind2=" "><subfield code="a">Accompanying materials: Numerous inserts carrying notes, glosses (paginated pp.13-14, pp.95-96, pp.177-178, pp.185-186, pp.189-190, pp.197-198, pp.229-230, pp.237-238, pp.261-262, pp.323-324, pp.395-396) and in two cases, detailed diagrams (paginated pp.65-66 and pp.111-112).</subfield></datafield><datafield tag="500" ind1=" " ind2=" "><subfield code="a">Former shelfmark: British Museum, London "No. 84. Work on Hanafi law by Muh. b. Faramurz."</subfield></datafield><datafield tag="500" ind1=" " ind2=" "><subfield code="a">Binding: Pasteboards covered in dark brown leather ; Type II binding (with flap) ; board linings in yellow laid paper (over marbled paper) ; upper and lower covers carry blind-stamped scalloped mandorla with vegetal composition (horizontal and vertical symmetry as with Déroche class. OSd) ; sewn mainly in white thread (rarely yellow), two and four stations, though many threads are loose, broken or missing threads and textblock is entirely detached at spine ; endbands lost though traces of primaries in yellow and green visible ; in very poor condition with significant abrasion, lifting and losses of leather, delamination of boards, fore-edge flap detaching from lower cover, etc. ; various repairs in brown leathers ; cover extremely ill-fitting (far too small) ; housed in box for protection.</subfield></datafield><datafield tag="500" ind1=" " ind2=" "><subfield code="a">Support: non-European laid paper with chain lines grouped in threes, 11-16 mm. between the chains and 32-39 mm. between the groups ; flyleaves in European laid paper with three crescents (tre lune) watermark ; added leaves carrying table of contents in European laid paper with crown above grapes or beaded diamond watermark ; latter quires of text in European laid paper with 10-11 laid lines per cm. (horizontal) and chain lines spaced 28-30 mm. apart.</subfield></datafield><datafield tag="500" ind1=" " ind2=" "><subfield code="a">Decoration: Keywords, section headings, and some notabilia (side-heads) rubricated ; some overlining and textual dividers in the form of discs in red.</subfield></datafield><datafield tag="500" ind1=" " ind2=" "><subfield code="a">Script: Naskh ; clear Turkish or Persian hand ; virtually sans serif, though quite miniscule right-sloping head serif occasionally appears on lām, etc. ; mainly closed counters ; kāf mashkūlah (mashqūqah) preferred ; kāf alif ligature forming complete loop ; occasional very slight effect of words descending to baseline.</subfield></datafield><datafield tag="500" ind1=" " ind2=" "><subfield code="a">Layout: Written in 27 lines per page ; frame-ruled (impression of ruling board evident).</subfield></datafield><datafield tag="500" ind1=" " ind2=" "><subfield code="a">Collation: i, II (4), 24 V(244), IV (252), i ; chiefly quinions ; catchwords present ; foliation in red ink, Hindu-Arabic numerals ; pagination in pencil, Western numerals, supplied during digitization (includes flyleaves and inserts, skips two pages between pp.453-454).</subfield></datafield><datafield tag="500" ind1=" " ind2=" "><subfield code="a">Colophon: "Scribal," rectangular, reads: "قد وقع الفراغ من كتب هذا الكتاب في يوم الجمعة وقت الظهر الثامن عشر في شهر ربيع الاخر من سنة ست وستين وتسعمائة على يد عبد اضعف عباد الله عبد الرحيم بن الحاج اسكندر عفى عنهما الملك المعبود القادر الحمد لله على الاتمام وعلى كل حال في الاسلام والصلوة والسلام على رسوله سيد الانام وعلى اله العظام واصحابه الاكرام" ; followed by authorial colophon.</subfield></datafield><datafield tag="500" ind1=" " ind2=" "><subfield code="a">Explicit: "كان فسخهما بمنزلة الاقالة فيلزم الوصي كما لو تقابلا حقيقة فاذا فسخ القاضي لم يكن اقالة فلا يلزم الوصي. هذا اخر ما من الله تع علي بلطفه من شرح غرر الاحكام المسمى بدرر الحكام واستطلاع اراء فضلاء الامة العظام ... ليس الغرض الاصلي من هذه الكلمات التمدح بل الامثال بما يفهم من قوله تع واما بنعمة ربك فحدث"</subfield></datafield><datafield tag="500" ind1=" " ind2=" "><subfield code="a">Incipit: "الحمد لله الذي احكم احكام الشرع القويم بمحكمه كتابه واعلى اعلام الدين المستقيم بمعظم خطابه ..."</subfield></datafield><datafield tag="500" ind1=" " ind2=" "><subfield code="a">Title from close on p.525.</subfield></datafield><datafield tag="500" ind1=" " ind2=" "><subfield code="a">Ms. codex.</subfield></datafield><datafield tag="505" ind1="0" ind2=" "><subfield code="a">5. fol.252b : [blank].</subfield></datafield><datafield tag="505" ind1="0" ind2=" "><subfield code="a">4. fol.251b-fol.252a : Risale-yi istihlaf / Kemalpaşazade.</subfield></datafield><datafield tag="505" ind1="0" ind2=" "><subfield code="a">3. fol.251a : [originally blank, now carries various excerpts].</subfield></datafield><datafield tag="505" ind1="0" ind2=" "><subfield code="a">2. fol.5a-fol.250b : Durar al-ḥukkām / Molla Hüsrev.</subfield></datafield><datafield tag="505" ind1="0" ind2=" "><subfield code="a">1. fol.1a-fol.4b : [added table of contents].</subfield></datafield><datafield tag="510" ind1="4" ind2=" "><subfield code="a">Brockelmann, C. GAL,</subfield><subfield code="c">II, 451/53 ; SII, 670/53</subfield></datafield><datafield tag="510" ind1="4" ind2=" "><subfield code="a">Brockelmann, C. GAL,</subfield><subfield code="c">II, 226</subfield></datafield><datafield tag="520" ind1="8" ind2=" "><subfield code="a">Fine copy of Muḥammad ibn Farāmurz Mullā Khusraw's commentary upon his own treatise on principles of Ḥanafī legal practice, Ghurar al-aḥkām, followed by a brief treatise by Kemalpaşazade on a question concerning qāḍīs.</subfield></datafield><datafield tag="538" ind1=" " ind2=" "><subfield code="a">Mode of access: Internet.</subfield></datafield><datafield tag="541" ind1=" " ind2=" "><subfield code="c">Purchase ;</subfield><subfield code="a">Acquired by purchase along with Abdul Hamid Collection (funds donated by Horace Rackham).</subfield><subfield code="d">1924.</subfield></datafield><datafield tag="546" ind1=" " ind2=" "><subfield code="a">Arabic.</subfield></datafield><datafield tag="561" ind1=" " ind2=" "><subfield code="a">Bookplate of British Museum, London on interior of upper cover, "British Museum, London. No. 84. Work on Hanafi law by Muh. b. Faramurz." ; circular seal impression with figure of goat/gazelle in purple ink as well as inscription "66" in Western numerals on front flyleaf (p.1) ; ownership statement on front flyleaf reads "صاحب ومالك منلا يحيى بن الحاجى مصطفى افندى درر" ; almond shaped seal-impression on p.529 ; occasional glosses, marginal corrections and notabilia (side-heads).</subfield></datafield><datafield tag="650" ind1=" " ind2="0"><subfield code="a">Manuscripts, Arabic</subfield><subfield code="z">Michigan</subfield><subfield code="z">Ann Arbor.</subfield></datafield><datafield tag="650" ind1=" " ind2="0"><subfield code="a">Hanafites</subfield><subfield code="v">Early works to 1800.</subfield></datafield><datafield tag="650" ind1=" " ind2="0"><subfield code="a">Islamic law</subfield><subfield code="v">Early works to 1800.</subfield></datafield><datafield tag="700" ind1="0" ind2=" "><subfield code="6">880-06</subfield><subfield code="a">Yahya bin Mustafa Efendi,</subfield><subfield code="e">former owner.</subfield></datafield><datafield tag="700" ind1="0" ind2=" "><subfield code="6">880-05</subfield><subfield code="a">ʻAbd al-Raḥīm ibn Iskandar,</subfield><subfield code="d">fl.1559,</subfield><subfield code="e">scribe.</subfield></datafield><datafield tag="700" ind1="0" ind2=" "><subfield code="6">880-04</subfield><subfield code="a">Kemalpaşazade,</subfield><subfield code="d">1468 or 1469-1534.</subfield><subfield code="t">Risālah fī taḥqīq masʼalat al-istikhlāf.</subfield></datafield><datafield tag="740" ind1="0" ind2="2"><subfield code="6">880-07</subfield><subfield code="a">Risālah fī al-istikhlāf raddan ʻalá al-Durar</subfield></datafield><datafield tag="740" ind1="0" ind2="2"><subfield code="a">Risale-yi istihlaf</subfield></datafield><datafield tag="773" ind1="0" ind2=" "><subfield code="a">Tiflis Collection.</subfield></datafield><datafield tag="880" ind1="0" ind2="2"><subfield code="6">740-07/</subfield><subfield code="a">رسالة في الاستخلاف ردا على الدرر</subfield></datafield><datafield tag="880" ind1="0" ind2=" "><subfield code="6">700-06/</subfield><subfield code="a">يحيى بن مصطفى افندى،</subfield><subfield code="e">مالك سابق.</subfield></datafield><datafield tag="880" ind1="0" ind2=" "><subfield code="6">700-05/</subfield><subfield code="a">عبد الرحيم بن اسكندر،</subfield><subfield code="e">ناسخ.</subfield></datafield><datafield tag="880" ind1="0" ind2=" "><subfield code="6">700-04/</subfield><subfield code="a">ابن كمال باشا،</subfield><subfield code="t">رسالة في تحقيق مسئلة الاستخلاف.</subfield></datafield><datafield tag="880" ind1="1" ind2="0"><subfield code="6">245-03/</subfield><subfield code="a">درر الحكام ... [الخ],</subfield><subfield code="f">[966ه، 1559م].</subfield></datafield><datafield tag="880" ind1="1" ind2="0"><subfield code="6">240-02/</subfield><subfield code="a">درر الحكام في شرح غرر الأحكام</subfield></datafield><datafield tag="880" ind1="0" ind2=" "><subfield code="6">100-01/</subfield><subfield code="a">خسرو،</subfield><subfield code="c">ملّا،</subfield><subfield code="d">ت. 1480</subfield></datafield><datafield tag="CID" ind1=" " ind2=" "><subfield code="a">006305606</subfield></datafield><datafield tag="DAT" ind1="0" ind2=" "><subfield code="a">20190719102634.0</subfield><subfield code="b">20190719000000.0</subfield></datafield><datafield tag="DAT" ind1="1" ind2=" "><subfield code="a">20190719090653.0</subfield><subfield code="b">2019-07-19T16:11:15Z</subfield></datafield><datafield tag="DAT" ind1="2" ind2=" "><subfield code="a">2015-10-10T18:00:06Z</subfield></datafield><datafield tag="CAT" ind1=" " ind2=" "><subfield code="a">SDR-MIU</subfield><subfield code="d">EX LIBRIS - ALEPH</subfield><subfield code="l">prepare.pl-004-008</subfield></datafield><datafield tag="FMT" ind1=" " ind2=" "><subfield code="a">BK</subfield></datafield><datafield tag="HOL" ind1=" " ind2=" "><subfield code="0">sdr-miu006305606</subfield><subfield code="a">MiU</subfield><subfield code="b">SDR</subfield><subfield code="c">MIU</subfield><subfield code="p">mdp.39015079124866</subfield><subfield code="s">MIU</subfield><subfield code="1">006305606</subfield></datafield><datafield tag="974" ind1=" " ind2=" "><subfield code="b">MIU</subfield><subfield code="c">MIU</subfield><subfield code="d">20190719</subfield><subfield code="s">lit-dlps-dc</subfield><subfield code="u">mdp.39015079124866</subfield><subfield code="y">1559</subfield><subfield code="r">pd</subfield><subfield code="q">bib</subfield><subfield code="t">non-US bib date1 &lt; 1896</subfield></datafield></record></collection>